@Book{Xie2018,
  author = 	 {Yihui Xie and J.J. Allaire and Garrett Grolemund},
  title = 	 {R Markdown, The Definitive Guide},
  publisher = 	 {Chapman and Hall/CRC},
  year = 	 2018,
  url = {https://bookdown.org/yihui/rmarkdown/}}

@Manual{R,
    title = {R: A Language and Environment for Statistical Computing},
    author = {{R Core Team}},
    organization = {R Foundation for Statistical Computing},
    address = {Vienna, Austria},
    year = {2017},
    url = {https://www.R-project.org/},
}

@book{Lafaye2013,
  title={The R Software: Fundamentals of Programming and Statistical Analysis},
  author={{Lafaye de Micheaux}, P. and Drouilhet, R. and Liquet, B.},
  isbn={9781461490203},
  series={Statistics and Computing},
  url={https://books.google.fr/books?id=Ji-8BAAAQBAJ},
  year={2013},
  publisher={Springer New York}
}


